<marc:record xmlns:marc="http://www.loc.gov/MARC21/slim"><marc:leader>00528nam a22001570a 45 0</marc:leader><marc:controlfield tag="001">307245</marc:controlfield><marc:controlfield tag="003">NL-AMISG</marc:controlfield><marc:controlfield tag="005">19950210234845.0</marc:controlfield><marc:controlfield tag="008">199502suuuuuuuu||||||||||||||||||||||| d</marc:controlfield><marc:datafield ind1=" " ind2=" " tag="035"><marc:subfield code="a">(IISG)IISGb10058772</marc:subfield></marc:datafield><marc:datafield ind1=" " ind2=" " tag="040"><marc:subfield code="a">NL-AmISG</marc:subfield></marc:datafield><marc:datafield ind1="1" ind2=" " tag="100"><marc:subfield code="a">Aubert, Jean.</marc:subfield></marc:datafield><marc:datafield ind1="1" ind2="0" tag="245"><marc:subfield code="a">De quoi vivait Thiers.</marc:subfield></marc:datafield><marc:datafield ind1=" " ind2=" " tag="260"><marc:subfield code="a">[Paris] :</marc:subfield><marc:subfield code="b">Deux-Rives,</marc:subfield><marc:subfield code="c">[1952]</marc:subfield></marc:datafield><marc:datafield ind1=" " ind2=" " tag="300"><marc:subfield code="a">141 p.</marc:subfield></marc:datafield><marc:datafield ind1=" " ind2=" " tag="500"><marc:subfield code="a">Du quoi vivaient-ils. Collection dirigée par A. Lanoux.</marc:subfield></marc:datafield><marc:datafield ind1=" " ind2=" " tag="690"><marc:subfield code="a">F 149</marc:subfield><marc:subfield code="b">France; political history and theory; 1815 - 1870; personalities; Thiers</marc:subfield><marc:subfield code="c">Frankrijk; politieke geschiedenis en theorie 1815 - 1870; personen; Thiers.</marc:subfield></marc:datafield><marc:datafield ind1=" " ind2=" " tag="852"><marc:subfield code="a">IISG</marc:subfield><marc:subfield code="b">IISG</marc:subfield><marc:subfield code="c">IISG</marc:subfield><marc:subfield code="j">F 149/27 B</marc:subfield><marc:subfield code="p">N10058143</marc:subfield></marc:datafield><marc:datafield ind1=" " ind2=" " tag="901"><marc:subfield code="a">307245</marc:subfield><marc:subfield code="b">Unknown</marc:subfield><marc:subfield code="c">307245</marc:subfield><marc:subfield code="t">biblio</marc:subfield></marc:datafield><marc:datafield ind1=" " ind2=" " tag="902"><marc:subfield code="a">10622/39DB9CA9-F5B9-4827-956F-6552425F6A60</marc:subfield></marc:datafield></marc:record>